<record><leader>00000cas a22000007a 4500</leader><controlfield tag="001">15259130</controlfield><controlfield tag="008">870303c19869999paudn ne      0    0eng d</controlfield><datafield ind1=" " ind2=" " tag="010"><subfield code="a">sn 87080106 </subfield></datafield><datafield ind1=" " ind2=" " tag="040"><subfield code="a">NPH</subfield><subfield code="b">eng</subfield><subfield code="c">NPH</subfield><subfield code="d">OCLCQ</subfield></datafield><datafield ind1=" " ind2=" " tag="042"><subfield code="a">msc</subfield></datafield><datafield ind1="0" ind2="0" tag="245"><subfield code="a">Allegheny times.</subfield></datafield><datafield ind1=" " ind2=" " tag="260"><subfield code="a">[Beaver, Pa.] :</subfield><subfield code="b">Beaver Newpapers, Inc.,</subfield><subfield code="c">1986-</subfield></datafield><datafield ind1=" " ind2=" " tag="300"><subfield code="a">v. :</subfield><subfield code="b">ill. ;</subfield><subfield code="c">58 cm.</subfield></datafield><datafield ind1=" " ind2=" " tag="310"><subfield code="a">Daily (except Saturday and New Year's Day, Christmas Day, Memorial Day, July 4th and Labor Day)</subfield></datafield><datafield ind1="0" ind2=" " tag="362"><subfield code="a">Aug. 18, 1986-</subfield></datafield><datafield ind1=" " ind2=" " tag="500"><subfield code="a">"The daily newspaper of Moon, Coraopolis."</subfield></datafield><datafield ind1=" " ind2=" " tag="500"><subfield code="a">"An edition of the Beaver County times."</subfield></datafield><datafield ind1=" " ind2=" " tag="515"><subfield code="a">Issues for &lt;Aug. 18, 1986&gt; called also &lt;v. 111, no. 117&gt;.</subfield></datafield><datafield ind1=" " ind2=" " tag="752"><subfield code="a">United States</subfield><subfield code="b">Pennsylvania</subfield><subfield code="c">Beaver</subfield><subfield code="d">Beaver.</subfield></datafield><datafield ind1=" " ind2=" " tag="752"><subfield code="a">United States</subfield><subfield code="b">Pennsylvania</subfield><subfield code="c">Allegheny</subfield><subfield code="d">Moon.</subfield></datafield><datafield ind1=" " ind2=" " tag="752"><subfield code="a">United States</subfield><subfield code="b">Pennsylvania</subfield><subfield code="c">Allegheny</subfield><subfield code="d">Coraopolis.</subfield></datafield><datafield ind1="1" ind2=" " tag="775"><subfield code="t">Beaver County times (Southern ed.)</subfield><subfield code="w">(DLC)sn 86081841</subfield></datafield><datafield ind1="1" ind2=" " tag="775"><subfield code="t">Beaver County times (Mid-County ed.)</subfield><subfield code="w">(DLC)sn 86081839</subfield></datafield><datafield ind1="1" ind2=" " tag="775"><subfield code="t">Beaver County times (Upper Valley ed.)</subfield><subfield code="w">(DLC)sn 86081840</subfield></datafield></record>